<record><leader>00000cas a22000007a 4500</leader><controlfield tag="001">17291929</controlfield><controlfield tag="008">871230d19021958laudn ne      0    0eng  </controlfield><controlfield tag="009">466</controlfield><datafield ind1=" " ind2=" " tag="010"><subfield code="a">sn 87062393 </subfield></datafield><datafield ind1=" " ind2=" " tag="040"><subfield code="a">DLC</subfield><subfield code="b">eng</subfield><subfield code="c">DLC</subfield><subfield code="d">LNP</subfield><subfield code="d">OCL</subfield><subfield code="d">MQN</subfield><subfield code="d">KNP</subfield><subfield code="d">MGN</subfield><subfield code="d">OCLCQ</subfield><subfield code="d">LMJ</subfield><subfield code="d">OCLCO</subfield><subfield code="d">OCLCF</subfield></datafield><datafield ind1=" " ind2=" " tag="019"><subfield code="a">13118410</subfield></datafield><datafield ind1="1" ind2=" " tag="029"><subfield code="a">AU@</subfield><subfield code="b">000025786865</subfield></datafield><datafield ind1=" " ind2=" " tag="042"><subfield code="a">msc</subfield></datafield><datafield ind1="0" ind2="0" tag="050"><subfield code="a">Newspaper</subfield></datafield><datafield ind1="0" ind2="4" tag="245"><subfield code="a">The New Orleans item.</subfield></datafield><datafield ind1="3" ind2="0" tag="246"><subfield code="a">Item-tribune</subfield></datafield><datafield ind1="3" ind2="0" tag="246"><subfield code="a">Item tribune</subfield></datafield><datafield ind1="3" ind2="0" tag="246"><subfield code="a">Sunday item-tribune</subfield></datafield><datafield ind1="3" ind2="0" tag="246"><subfield code="a">Sunday item tribune</subfield></datafield><datafield ind1=" " ind2=" " tag="260"><subfield code="a">New Orleans [La.] :</subfield><subfield code="b">Item Co.,</subfield><subfield code="c">1902-1958.</subfield></datafield><datafield ind1=" " ind2=" " tag="300"><subfield code="a">v. :</subfield><subfield code="b">ill.</subfield></datafield><datafield ind1=" " ind2=" " tag="310"><subfield code="a">Daily (except Sat.),</subfield><subfield code="b">Dec. 17, 1950-1958</subfield></datafield><datafield ind1=" " ind2=" " tag="321"><subfield code="a">Daily,</subfield><subfield code="b">1902-July 27, 1941</subfield></datafield><datafield ind1=" " ind2=" " tag="321"><subfield code="a">Daily (except Sun.),</subfield><subfield code="b">July 28, 1941-Mar. 4, 1950</subfield></datafield><datafield ind1=" " ind2=" " tag="321"><subfield code="a">Daily,</subfield><subfield code="b">Mar. 5-Dec. 16, 1950</subfield></datafield><datafield ind1="0" ind2=" " tag="362"><subfield code="a">26th yr. (June 11, 1902)-82nd year, no. 82 (Sept. 14, 1958).</subfield></datafield><datafield ind1=" " ind2=" " tag="500"><subfield code="a">On Sunday published with: Morning tribune (New Orleans, La.) and called: Item-tribune, Dec. 21, 1924-Feb. 3, 1935 and called: Sunday item-tribune, Feb. 10, 1935-Jan. 1937; and published with: Tribune (New Orleans, La.) and called: Sunday item-tribune, Jan. 1937-Jan. 5, 1941. Although the Tribune ceased on Jan. 11, 1941, the Sunday issues continued to be called: Sunday item-tribune through July 27, 1941.</subfield></datafield><datafield ind1=" " ind2=" " tag="530"><subfield code="a">Also available on microfilm from Micro Photo Division, Bell &amp; Howell Co.</subfield></datafield><datafield ind1=" " ind2="0" tag="651"><subfield code="a">New Orleans (La.)</subfield><subfield code="v">Newspapers.</subfield></datafield><datafield ind1=" " ind2="7" tag="655"><subfield code="a">Newspapers.</subfield><subfield code="2">fast</subfield><subfield code="0">(OCoLC)fst01423814</subfield></datafield><datafield ind1=" " ind2="7" tag="651"><subfield code="a">Louisiana</subfield><subfield code="z">New Orleans.</subfield><subfield code="2">fast</subfield><subfield code="0">(OCoLC)fst01204311</subfield></datafield><datafield ind1=" " ind2=" " tag="752"><subfield code="a">United States</subfield><subfield code="b">Louisiana</subfield><subfield code="c">Orleans</subfield><subfield code="d">New Orleans.</subfield></datafield><datafield ind1="0" ind2="0" tag="780"><subfield code="t">Daily item (New Orleans, La.)</subfield><subfield code="w">(DLC)sn 84024459</subfield></datafield><datafield ind1="0" ind2="7" tag="785"><subfield code="t">New Orleans states</subfield><subfield code="w">(DLC)sn 83016713</subfield></datafield><datafield ind1="0" ind2="7" tag="785"><subfield code="t">New Orleans states and New Orleans item</subfield><subfield code="w">(DLC)sn 88064648</subfield></datafield></record>